@article{liu2018fasttagrec,
  title={FastTagRec: fast tag recommendation for software information sites},
  author={Liu, Jin and Zhou, Pingyi and Yang, Zijiang and Liu, Xiao and Grundy, John},
  journal={Automated Software Engineering},
  volume={25},
  number={4},
  pages={675--701},
  year={2018},
  publisher={Springer}
}