@article{Kamei:2013:LES,
	author = {Kamei, Yasutaka and Shihab, Emad and Adams, Bram and Hassan, Ahmed E. and Mockus, Audris and Sinha, Anand and Ubayashi, Naoyasu},
	title = {A Large-Scale Empirical Study of Just-in-Time Quality Assurance},
	journal = {IEEE Trans. Softw. Eng.},
	issue_date = {June 2013},
	volume = {39},
	number = {6},
	month = jun,
	year = {2013},
	issn = {0098-5589},
	pages = {757--773},
	numpages = {17},
	url = {http://dx.doi.org/10.1109/TSE.2012.70},
	doi = {10.1109/TSE.2012.70},
	acmid = {2498844},
	publisher = {IEEE Press},
	address = {Piscataway, NJ, USA},
	keywords = {Measurement,Quality assurance,Predictive models,Software,Entropy,Object oriented modeling,Accuracy,just-in-time prediction,Maintenance,software metrics,mining software repositories,defect prediction},
} 


@inproceedings{Yang:2015:DLJ,
 author = {Yang, Xinli and Lo, David and Xia, Xin and Zhang, Yun and Sun, Jianling},
 title = {Deep Learning for Just-in-Time Defect Prediction},
 booktitle = {Proceedings of the 2015 IEEE International Conference on Software Quality, Reliability and Security},
 series = {QRS '15},
 year = {2015},
 isbn = {978-1-4673-7989-2},
 pages = {17--26},
 numpages = {10},
 url = {http://dx.doi.org/10.1109/QRS.2015.14},
 doi = {10.1109/QRS.2015.14},
 acmid = {2866837},
 publisher = {IEEE Computer Society},
 address = {Washington, DC, USA},
 keywords = {Deep Learning, Just-In-Time Defect Prediction, Deep Belief Network, Cost Effectiveness},
}

@article{Kim:2008:CSC,
 author = {Kim, Sunghun and Whitehead,Jr., E. James and Zhang, Yi},
 title = {Classifying Software Changes: Clean or Buggy?},
 journal = {IEEE Trans. Softw. Eng.},
 issue_date = {March 2008},
 volume = {34},
 number = {2},
 month = mar,
 year = {2008},
 issn = {0098-5589},
 pages = {181--196},
 numpages = {16},
 url = {http://dx.doi.org/10.1109/TSE.2007.70773},
 doi = {10.1109/TSE.2007.70773},
 acmid = {1399451},
 publisher = {IEEE Press},
 address = {Piscataway, NJ, USA},
 keywords = {Clustering, Configuration Management, Data mining, Metrics/Measurement, Software maintenance, Software maintenance, Metrics/Measurement, Clustering, classification, and association rules, Configuration Management, Data mining, and association rules, classification},
}

@inproceedings{Kononenko:2015,
 author = {Kononenko, Oleksii and Baysal, Olga and Guerrouj, Latifa and Cao, Yaxin and Godfrey, Michael W.},
 title = {Investigating Code Review Quality: Do People and Participation Matter?},
 booktitle = {Proceedings of the 2015 IEEE International Conference on Software Maintenance and Evolution (ICSME)},
 series = {ICSME '15},
 year = {2015},
 isbn = {978-1-4673-7532-0},
 pages = {111--120},
 numpages = {10},
 url = {http://dx.doi.org/10.1109/ICSM.2015.7332457},
 doi = {10.1109/ICSM.2015.7332457},
 acmid = {2881377},
 publisher = {IEEE Computer Society},
 address = {Washington, DC, USA},
}

@ARTICLE{Mockus2000,
author={A. Mockus and D. M. Weiss},
journal={Bell Labs Technical Journal},
title={Predicting risk of software changes},
year={2000},
volume={5},
number={2},
pages={169-180},
keywords={},
doi={10.1002/bltj.2229},
ISSN={1538-7305},
month={April},}

@inproceedings{mcintosh2018fix,
 author = {McIntosh, Shane and Kamei, Yasutaka},
 title = {Are Fix-inducing Changes a Moving Target?: A Longitudinal Case Study of Just-in-time Defect Prediction},
 booktitle = {Proceedings of the 40th International Conference on Software Engineering},
 series = {ICSE '18},
 year = {2018},
 isbn = {978-1-4503-5638-1},
 location = {Gothenburg, Sweden},
 pages = {560--560},
 numpages = {1},
 url = {http://doi.acm.org/10.1145/3180155.3182514},
 doi = {10.1145/3180155.3182514},
 acmid = {3182514},
 publisher = {ACM},
 address = {New York, NY, USA},
}

@inproceedings{Shihab:2012:ISR,
 author = {Shihab, Emad and Hassan, Ahmed E. and Adams, Bram and Jiang, Zhen Ming},
 title = {An Industrial Study on the Risk of Software Changes},
 booktitle = {Proceedings of the ACM SIGSOFT 20th International Symposium on the Foundations of Software Engineering},
 series = {FSE '12},
 year = {2012},
 isbn = {978-1-4503-1614-9},
 location = {Cary, North Carolina},
 pages = {62:1--62:11},
 articleno = {62},
 numpages = {11},
 url = {http://doi.acm.org/10.1145/2393596.2393670},
 doi = {10.1145/2393596.2393670},
 acmid = {2393670},
 publisher = {ACM},
 address = {New York, NY, USA},
 keywords = {bug inducing changes, change metrics, change risk, code metrics},
}

@inproceedings{Tantithamthavorn:2015:IMP,
 author = {Tantithamthavorn, Chakkrit and McIntosh, Shane and Hassan, Ahmed E. and Ihara, Akinori and Matsumoto, Kenichi},
 title = {The Impact of Mislabelling on the Performance and Interpretation of Defect Prediction Models},
 booktitle = {Proceedings of the 37th International Conference on Software Engineering - Volume 1},
 series = {ICSE '15},
 year = {2015},
 isbn = {978-1-4799-1934-5},
 location = {Florence, Italy},
 pages = {812--823},
 numpages = {12},
 url = {http://dl.acm.org/citation.cfm?id=2818754.2818852},
 acmid = {2818852},
 publisher = {IEEE Press},
 address = {Piscataway, NJ, USA},
}
