@article{tantithamthavorn2018optimization,
    Author={Tantithamthavorn, Chakkrit and Hassan, Ahmed E. and Matsumoto, Kenichi},
    Title = {The Impact of Class Rebalancing Techniques on the Performance and Interpretation of Defect Prediction Models},
    Booktitle = {IEEE Transactions on Software Engineering (TSE)},
    page = {In Press},
    Year = {2018}
}

@ARTICLE{WangTSE2018,
author={S. Wang and T. Liu and J. Nam and L. Tan},
journal={IEEE Transactions on Software Engineering},
title={Deep Semantic Feature Learning for Software Defect Prediction},
year={2018},
volume={},
number={},
pages={1-1},
keywords={Semantics;Predictive models;Feature extraction;Task analysis;Computer bugs;Data models;Defect prediction;quality assurance;deep learning;semantic features},
doi={10.1109/TSE.2018.2877612},
ISSN={0098-5589},
month={},}

@article{HoaTSE2019,
  author    = {Hoa Khanh Dam and Truyen Tran and Trang Pham and Shien Wee Ng and John Grundy and Aditya Ghose},
  title     = {Automatic feature learning for predicting vulnerable software components},
  journal   = {IEEE Transactions on Software Engineering},
  year      = {2019},
  url       = {DOI: 10.1109/TSE.2018.2881961.},
  timestamp = {Mon, 03 Oct 2016 17:51:10 +0200},
  biburl    = {http://dblp.uni-trier.de/rec/bib/journals/corr/ChoetkiertikulD16},
  bibsource = {dblp computer science bibliography, http://dblp.org}
}

@INPROCEEDINGS{Li2017,
author={J. Li and P. He and J. Zhu and M. R. Lyu},
booktitle={2017 IEEE International Conference on Software Quality, Reliability and Security (QRS)},
title={Software Defect Prediction via Convolutional Neural Network},
year={2017},
volume={},
number={},
pages={318-328},
keywords={learning (artificial intelligence);neural nets;software reliability;software defect prediction;software reliability;defect prediction via convolutional neural network;DP-CNN;abstract syntax trees;AST;open source projects;machine learning classifiers;Software;Feature extraction;Semantics;Convolutional codes;Machine learning;Software reliability;Neural networks;software reliability;software defect prediction;deep learning;CNN},
doi={10.1109/QRS.2017.42},
ISSN={},
month={July},}

@inproceedings{KameiS16,
  author    = {Yasutaka Kamei and
               Emad Shihab},
  title     = {Defect Prediction: Accomplishments and Future Challenges},
  booktitle = {Leaders of Tomorrow Symposium: Future of Software Engineering, FOSE@SANER
               2016, Osaka, Japan, March 14, 2016},
  pages     = {33--45},
  year      = {2016}
  publisher = {{IEEE} Computer Society}}
  url       = {https://doi.org/10.1109/SANER.2016.56},
  doi       = {10.1109/SANER.2016.56},
  timestamp = {Fri, 26 May 2017 00:48:18 +0200},
  biburl    = {http://dblp.uni-trier.de/rec/bib/conf/wcre/KameiS16},
  bibsource = {dblp computer science bibliography, http://dblp.org}
}

@inproceedings{Li:2005:PAE,
 author = {Li, Zhenmin and Zhou, Yuanyuan},
 title = {PR-Miner: Automatically Extracting Implicit Programming Rules and Detecting Violations in Large Software Code},
 booktitle = {Proceedings of the 10th European Software Engineering Conference Held Jointly with 13th ACM SIGSOFT International Symposium on Foundations of Software Engineering},
 series = {ESEC/FSE-13},
 year = {2005},
 isbn = {1-59593-014-0},
 location = {Lisbon, Portugal},
 pages = {306--315},
 numpages = {10},
 url = {http://doi.acm.org/10.1145/1081706.1081755},
 doi = {10.1145/1081706.1081755},
 acmid = {1081755},
 publisher = {ACM},
 address = {New York, NY, USA},
 keywords = {automated specification generation, automated violation detection, data mining for software engineering, pattern recognition, programming rules, static analysis},
}

@inproceedings{Hindle:2012:NS,
 author = {Hindle, Abram and Barr, Earl T. and Su, Zhendong and Gabel, Mark and Devanbu, Premkumar},
 title = {On the Naturalness of Software},
 booktitle = {Proceedings of the 34th International Conference on Software Engineering},
 series = {ICSE '12},
 year = {2012},
 isbn = {978-1-4673-1067-3},
 location = {Zurich, Switzerland},
 pages = {837--847},
 numpages = {11},
 url = {http://dl.acm.org/citation.cfm?id=2337223.2337322},
 acmid = {2337322},
 publisher = {IEEE Press},
 address = {Piscataway, NJ, USA},
}

@inproceedings{Nguyen:2015:GSL,
 author = {Nguyen, Anh Tuan and Nguyen, Tien N.},
 title = {Graph-based Statistical Language Model for Code},
 booktitle = {Proceedings of the 37th International Conference on Software Engineering - Volume 1},
 series = {ICSE '15},
 year = {2015},
 isbn = {978-1-4799-1934-5},
 location = {Florence, Italy},
 pages = {858--868},
 numpages = {11},
 url = {http://dl.acm.org/citation.cfm?id=2818754.2818858},
 acmid = {2818858},
 publisher = {IEEE Press},
 address = {Piscataway, NJ, USA},
}

@inproceedings{Tu:2014:LS,
 author = {Tu, Zhaopeng and Su, Zhendong and Devanbu, Premkumar},
 title = {On the Localness of Software},
 booktitle = {Proceedings of the 22Nd ACM SIGSOFT International Symposium on Foundations of Software Engineering},
 series = {FSE 2014},
 year = {2014},
 isbn = {978-1-4503-3056-5},
 location = {Hong Kong, China},
 pages = {269--280},
 numpages = {12},
 url = {http://doi.acm.org/10.1145/2635868.2635875},
 doi = {10.1145/2635868.2635875},
 acmid = {2635875},
 publisher = {ACM},
 address = {New York, NY, USA},
 keywords = {Cache Language Model, Code Suggestion, Localness},
}

@ARTICLE{Stuckman2017,
author={J. Stuckman and J. Walden and R. Scandariato},
journal={IEEE Transactions on Reliability},
title={{The Effect of Dimensionality Reduction on Software Vulnerability Prediction Models}},
year={2017},
volume={66},
number={1},
pages={17-37},
doi={10.1109/TR.2016.2630503},
ISSN={0018-9529},
month={March},
}

@inproceedings{Sultana:2017:TSV,
 author = {Sultana, Kazi Zakia},
 title = {Towards a Software Vulnerability Prediction Model Using Traceable Code Patterns and Software Metrics},
 booktitle = {Proceedings of the 32Nd IEEE/ACM International Conference on Automated Software Engineering},
 series = {ASE 2017},
 year = {2017},
 isbn = {978-1-5386-2684-9},
 location = {Urbana-Champaign, IL, USA},
 pages = {1022--1025},
 numpages = {4},
 url = {http://dl.acm.org/citation.cfm?id=3155562.3155700},
 acmid = {3155700},
 publisher = {IEEE Press},
 address = {Piscataway, NJ, USA},
}




@inproceedings{Morrison:2015:CAV,
 author = {Morrison, Patrick and Herzig, Kim and Murphy, Brendan and Williams, Laurie},
 title = {Challenges with Applying Vulnerability Prediction Models},
 booktitle = {Proceedings of the 2015 Symposium and Bootcamp on the Science of Security},
 series = {HotSoS '15},
 year = {2015},
 isbn = {978-1-4503-3376-4},
 location = {Urbana, Illinois},
 pages = {4:1--4:9},
 articleno = {4},
 numpages = {9},
 url = {http://doi.acm.org/10.1145/2746194.2746198},
 doi = {10.1145/2746194.2746198},
 acmid = {2746198},
 publisher = {ACM},
 address = {New York, NY, USA},
 keywords = {churn, complexity, coverage, dependencies, metrics, prediction, vulnerabilities},
}

@article{Menzies:2013:LVG,
 author = {Menzies, Tim and Butcher, Andrew and Cok, David and Marcus, Andrian and Layman, Lucas and Shull, Forrest and Turhan, Burak and Zimmermann, Thomas},
 title = {Local Versus Global Lessons for Defect Prediction and Effort Estimation},
 journal = {IEEE Trans. Softw. Eng.},
 issue_date = {June 2013},
 volume = {39},
 number = {6},
 month = jun,
 year = {2013},
 issn = {0098-5589},
 pages = {822--834},
 numpages = {13},
 url = {http://dx.doi.org/10.1109/TSE.2012.83},
 doi = {10.1109/TSE.2012.83},
 acmid = {2498848},
 publisher = {IEEE Press},
 address = {Piscataway, NJ, USA},
 keywords = {Estimation,Data models,Context,Java,Telecommunications,Measurement,Software,effort estimation,Data mining,clustering,defect prediction},
}

@article{Catal:2009:SRS,
 author = {Catal, Cagatay and Diri, Banu},
 title = {A Systematic Review of Software Fault Prediction Studies},
 journal = {Expert Syst. Appl.},
 issue_date = {May, 2009},
 volume = {36},
 number = {4},
 month = may,
 year = {2009},
 issn = {0957-4174},
 pages = {7346--7354},
 numpages = {9},
 url = {http://dx.doi.org/10.1016/j.eswa.2008.10.027},
 doi = {10.1016/j.eswa.2008.10.027},
 acmid = {1508620},
 publisher = {Pergamon Press, Inc.},
 address = {Tarrytown, NY, USA},
 keywords = {Automated fault prediction models, Expert systems, Machine learning, Method-level metrics, Public datasets},
}

@article{D'Ambros:2012:EDP,
 author = {D'Ambros, Marco and Lanza, Michele and Robbes, Romain},
 title = {Evaluating Defect Prediction Approaches: A Benchmark and an Extensive Comparison},
 journal = {Empirical Softw. Engg.},
 issue_date = {August    2012},
 volume = {17},
 number = {4-5},
 month = aug,
 year = {2012},
 issn = {1382-3256},
 pages = {531--577},
 numpages = {47},
 url = {http://dx.doi.org/10.1007/s10664-011-9173-9},
 doi = {10.1007/s10664-011-9173-9},
 acmid = {2318149},
 publisher = {Kluwer Academic Publishers},
 address = {Hingham, MA, USA},
 keywords = {Change metrics, Defect prediction, Source code metrics},
}


@inproceedings{Giger:2012:MBP,
 author = {Giger, Emanuel and D'Ambros, Marco and Pinzger, Martin and Gall, Harald C.},
 title = {Method-level Bug Prediction},
 booktitle = {Proceedings of the ACM-IEEE International Symposium on Empirical Software Engineering and Measurement},
 series = {ESEM '12},
 year = {2012},
 isbn = {978-1-4503-1056-7},
 location = {Lund, Sweden},
 pages = {171--180},
 numpages = {10},
 url = {http://doi.acm.org/10.1145/2372251.2372285},
 doi = {10.1145/2372251.2372285},
 acmid = {2372285},
 publisher = {ACM},
 address = {New York, NY, USA},
 keywords = {code metrics, fine-grained source code changes, method-level bug prediction},
}

@inproceedings{Ray:2016:NBC,
 author = {Ray, Baishakhi and Hellendoorn, Vincent and Godhane, Saheel and Tu, Zhaopeng and Bacchelli, Alberto and Devanbu, Premkumar},
 title = {On the ``Naturalness'' of Buggy Code},
 booktitle = {Proceedings of the 38th International Conference on Software Engineering},
 series = {ICSE '16},
 year = {2016},
 isbn = {978-1-4503-3900-1},
 location = {Austin, Texas},
 pages = {428--439},
 numpages = {12},
 url = {http://doi.acm.org/10.1145/2884781.2884848},
 doi = {10.1145/2884781.2884848},
 acmid = {2884848},
 publisher = {ACM},
 address = {New York, NY, USA},
}


@inproceedings{Zimmermann:2010:SNH,
 author = {Zimmermann, Thomas and Nagappan, Nachiappan and Williams, Laurie},
 title = {Searching for a Needle in a Haystack: Predicting Security Vulnerabilities for Windows Vista},
 booktitle = {Proceedings of the 2010 Third International Conference on Software Testing, Verification and Validation},
 series = {ICST '10},
 year = {2010},
 isbn = {978-0-7695-3990-4},
 pages = {421--428},
 numpages = {8},
 url = {http://dx.doi.org/10.1109/ICST.2010.32},
 doi = {10.1109/ICST.2010.32},
 acmid = {1828486},
 publisher = {IEEE Computer Society},
 address = {Washington, DC, USA},
 keywords = {Vulnerabilities, Prediction, Metrics, Complexity, Churn, Coverage, Dependencies, Organizational Structure},
}

@MISC{CERT-Java,
  author =       {Dhruv Mohindra},
  title =        {{SEI CERT Oracle Coding Standard for Java}},
  howpublished = {https://www.securecoding.cert.org/confluence/display/java/LCK08-J.+Ensure+actively+held+locks+are+released+on+exceptional+conditions, Accessed on 01 May 2017},
}

@MISC{JavaParser,
  author =       {JavaParser},
  title =        {{JavaParser}},
  howpublished = {http://javaparser.org, Accessed on 01 Feb 2017},
}

@MISC{Theano,
  author =       {Theano},
  title =        {{Theano}},
  howpublished = {http://deeplearning.net/software/theano/, Accessed on 01 May 2017},
}

@MISC{Keras,
author =       {Keras},
  title =        {{Keras: Deep Learning library for Theano and TensorFlow}},
  howpublished = {https://keras.io/, Accessed on 01 May 2017},
}

@MISC{Heartbleed,
  author =       {Robert Hackett},
  title =        {{On Heartbleed's anniversary, 3 of 4 big companies are still vulnerable}},
  year =         {2015},
  month =        {April},
  howpublished = {Fortunue, http://fortune.com/2015/04/07/heartbleed-anniversary-vulnerable},
}


@MISC{McAfee,
  author =       {McAfee and Center for Strategic and International Studies},
  title =        {{Net Losses: Estimating the Global Cost of Cybercrime}},
  year =         {2014},
  month =        {June},
%  howpublished = {Fortunue, http://fortune.com/2015/04/07/heartbleed-anniversary-vulnerable},
}

@MISC{CybersecurityVentures,
  author =       {Cybersecurity Ventures},
  title =        {Cybersecurity market report},
  year =         {2017},
  month =        {March},
  howpublished = {http://cybersecurityventures.com/cybersecurity-market-report, Accessed on 01 May 2017},
}

@MISC{Heartbleed2014,
  author =       {Chris Williams},
  title =        {{Anatomy of OpenSSL's Heartbleed: Just four bytes trigger horror bug}},
  year =         {2014},
  month =        {April},
  howpublished = {The Register, http://www.theregister.co.uk/2014/04/09/heartbleed\_explained, Accessed on 01 May 2017},
}

@MISC{Scandariato2014Dataset,
  author =       {Scandariato, Riccardo and Walden, James and Hovsepyan, Aram and Joosen, Wouter},
  title =        {Android study dataset},
  year =         {2014},
  howpublished = {https://sites.google.com/site/textminingandroid, Accessed on 15 Jan 2017},
}



@article{ScandariatoWHJ14,
  author = {Scandariato, Riccardo and Walden, James and Hovsepyan, Aram and Joosen, Wouter},
  journal = {IEEE Trans. Software Eng.},
  keywords = {dblp},
  number = 10,
  pages = {993-1006},
  timestamp = {2015-12-12T11:45:10.000+0100},
  title = {Predicting Vulnerable Software Components via Text Mining.},
  url = {http://dblp.uni-trier.de/db/journals/tse/tse40.html#ScandariatoWHJ14},
  volume = 40,
  year = 2014
}

@ARTICLE { MASS-NGUYEN-14-TSE,
    TITLE = { An Empirical Methodology to Evaluate Vulnerability Discovery Models },
    AUTHOR = { Fabio Massacci and Viet Hung Nguyen },
    JOURNAL = { IEEE Transactions on Software Engineering (TSE) },
    YEAR = { 2014 },
    VOLUME = { 40 },
    NUMBER = { 12 },
    PAGES = { 1147-1162 },
    OWNER = { hungnv },
    PDF = { mass-nguyen-14-tse.pdf },
    TIMESTAMP = { 2014.09.11 },
    ONLINE = { http://ieeexplore.ieee.org/xpl/articleDetails.jsp?tp=&arnumber=6891367 },
    TYPE = { Journal },
}

@article{Shin:2011:ECC,
 author = {Shin, Yonghee and Meneely, Andrew and Williams, Laurie and Osborne, Jason A.},
 title = {Evaluating Complexity, Code Churn, and Developer Activity Metrics As Indicators of Software Vulnerabilities},
 journal = {IEEE Trans. Softw. Eng.},
 issue_date = {November 2011},
 volume = {37},
 number = {6},
 month = nov,
 year = {2011},
 issn = {0098-5589},
 pages = {772--787},
 numpages = {16},
 url = {http://dx.doi.org/10.1109/TSE.2010.81},
 doi = {10.1109/TSE.2010.81},
 acmid = {2086581},
 publisher = {IEEE Press},
 address = {Piscataway, NJ, USA},
 keywords = {Fault prediction, software metrics, software security, vulnerability prediction.},
}

@inproceedings{Shin:2008:EMP,
 author = {Shin, Yonghee and Williams, Laurie},
 title = {An Empirical Model to Predict Security Vulnerabilities Using Code Complexity Metrics},
 booktitle = {Proceedings of the Second ACM-IEEE International Symposium on Empirical Software Engineering and Measurement},
 series = {ESEM '08},
 year = {2008},
 isbn = {978-1-59593-971-5},
 location = {Kaiserslautern, Germany},
 pages = {315--317},
 numpages = {3},
 url = {http://doi.acm.org/10.1145/1414004.1414065},
 doi = {10.1145/1414004.1414065},
 acmid = {1414065},
 publisher = {ACM},
 address = {New York, NY, USA},
 keywords = {complexity metrics, mozilla, open source, vulnerability prediction models},
}

@article{Chowdhury:2011:UCC,
 author = {Chowdhury, Istehad and Zulkernine, Mohammad},
 title = {Using Complexity, Coupling, and Cohesion Metrics As Early Indicators of Vulnerabilities},
 journal = {J. Syst. Archit.},
 issue_date = {March, 2011},
 volume = {57},
 number = {3},
 month = mar,
 year = {2011},
 issn = {1383-7621},
 pages = {294--313},
 numpages = {20},
 url = {http://dx.doi.org/10.1016/j.sysarc.2010.06.003},
 doi = {10.1016/j.sysarc.2010.06.003},
 acmid = {1960270},
 publisher = {Elsevier North-Holland, Inc.},
 address = {New York, NY, USA},
 keywords = {Cohesion, Complexity, Coupling, Software metrics, Vulnerability prediction},
}

@inproceedings{Walden:2014:PVC,
 author = {Walden, James and Stuckman, Jeff and Scandariato, Riccardo},
 title = {Predicting Vulnerable Components: Software Metrics vs Text Mining},
 booktitle = {Proceedings of the 2014 IEEE 25th International Symposium on Software Reliability Engineering},
 series = {ISSRE '14},
 year = {2014},
 isbn = {978-1-4799-6033-0},
 pages = {23--33},
 numpages = {11},
 url = {http://dx.doi.org/10.1109/ISSRE.2014.32},
 doi = {10.1109/ISSRE.2014.32},
 acmid = {2708328},
 publisher = {IEEE Computer Society},
 address = {Washington, DC, USA},
}

@inproceedings{DBLP:conf/scam/JimenezPT16,
  author    = {Matthieu Jimenez and
               Mike Papadakis and
               Yves Le Traon},
  title     = {Vulnerability Prediction Models: {A} Case Study on the Linux Kernel},
  booktitle = {16th {IEEE} International Working Conference on Source Code Analysis
               and Manipulation, {SCAM} 2016, Raleigh, NC, USA, October 2-3, 2016},
  pages     = {1--10},
  year      = {2016},
  crossref  = {DBLP:conf/scam/2016},
  url       = {https://doi.org/10.1109/SCAM.2016.15},
  doi       = {10.1109/SCAM.2016.15},
  timestamp = {Fri, 26 May 2017 00:50:50 +0200},
  biburl    = {http://dblp.uni-trier.de/rec/bib/conf/scam/JimenezPT16},
  bibsource = {dblp computer science bibliography, http://dblp.org}
}


@article{ShinW13,
  author    = {Yonghee Shin and
               Laurie Williams},
  title     = {Can traditional fault prediction models be used for vulnerability
               prediction?},
  journal   = {Empirical Software Engineering},
  volume    = {18},
  number    = {1},
  pages     = {25--59},
  year      = {2013},
  url       = {http://dx.doi.org/10.1007/s10664-011-9190-8},
  doi       = {10.1007/s10664-011-9190-8},
  timestamp = {Wed, 09 Jan 2013 14:07:15 +0100},
  biburl    = {http://dblp.uni-trier.de/rec/bib/journals/ese/ShinW13},
  bibsource = {dblp computer science bibliography, http://dblp.org}
}

@article{Hall:2012,
 author = {Hall, Tracy and Beecham, Sarah and Bowes, David and Gray, David and Counsell, Steve},
 title = {A Systematic Literature Review on Fault Prediction Performance in Software Engineering},
 journal = {IEEE Trans. Softw. Eng.},
 issue_date = {November 2012},
 volume = {38},
 number = {6},
 month = nov,
 year = {2012},
 issn = {0098-5589},
 pages = {1276--1304},
 numpages = {29},
 url = {http://dx.doi.org/10.1109/TSE.2011.103},
 doi = {10.1109/TSE.2011.103},
 acmid = {2420790},
 publisher = {IEEE Press},
 address = {Piscataway, NJ, USA},
 keywords = {Predictive models,Context modeling,Software testing,Data models,Systematics,Analytical models,Fault diagnosis,software fault prediction,Systematic literature review},
}

@inproceedings{Moser:2008,
 author = {Moser, Raimund and Pedrycz, Witold and Succi, Giancarlo},
 title = {A Comparative Analysis of the Efficiency of Change Metrics and Static Code Attributes for Defect Prediction},
 booktitle = {Proceedings of the 30th International Conference on Software Engineering},
 series = {ICSE '08},
 year = {2008},
 isbn = {978-1-60558-079-1},
 location = {Leipzig, Germany},
 pages = {181--190},
 numpages = {10},
 url = {http://doi.acm.org/10.1145/1368088.1368114},
 doi = {10.1145/1368088.1368114},
 acmid = {1368114},
 publisher = {ACM},
 address = {New York, NY, USA},
 keywords = {cost-sensitive classification, defect prediction, software metrics},
}

@inproceedings{Nagappan:2005:URC,
 author = {Nagappan, Nachiappan and Ball, Thomas},
 title = {Use of Relative Code Churn Measures to Predict System Defect Density},
 booktitle = {Proceedings of the 27th International Conference on Software Engineering},
 series = {ICSE '05},
 year = {2005},
 isbn = {1-58113-963-2},
 location = {St. Louis, MO, USA},
 pages = {284--292},
 numpages = {9},
 url = {http://doi.acm.org/10.1145/1062455.1062514},
 doi = {10.1145/1062455.1062514},
 acmid = {1062514},
 publisher = {ACM},
 address = {New York, NY, USA},
 keywords = {defect density, fault-proneness, multiple regression, principal component analysis, relative code churn},
}

@inproceedings{Nagappan:2008:IOS,
 author = {Nagappan, Nachiappan and Murphy, Brendan and Basili, Victor},
 title = {The Influence of Organizational Structure on Software Quality: An Empirical Case Study},
 booktitle = {Proceedings of the 30th International Conference on Software Engineering},
 series = {ICSE '08},
 year = {2008},
 isbn = {978-1-60558-079-1},
 location = {Leipzig, Germany},
 pages = {521--530},
 numpages = {10},
 url = {http://doi.acm.org/10.1145/1368088.1368160},
 doi = {10.1145/1368088.1368160},
 acmid = {1368160},
 publisher = {ACM},
 address = {New York, NY, USA},
 keywords = {code churn, developers, empirical studies, failures, organizational structure, software mining},
}

@inproceedings{Pinzger:2008:DNP,
 author = {Pinzger, Martin and Nagappan, Nachiappan and Murphy, Brendan},
 title = {Can Developer-module Networks Predict Failures?},
 booktitle = {Proceedings of the 16th ACM SIGSOFT International Symposium on Foundations of Software Engineering},
 series = {SIGSOFT '08/FSE-16},
 year = {2008},
 isbn = {978-1-59593-995-1},
 location = {Atlanta, Georgia},
 pages = {2--12},
 numpages = {11},
 url = {http://doi.acm.org/10.1145/1453101.1453105},
 doi = {10.1145/1453101.1453105},
 acmid = {1453105},
 publisher = {ACM},
 address = {New York, NY, USA},
 keywords = {developer contribution network, failure prediction, network centrality measures, social network analysis},
}

@inproceedings{Hassan:2009:PFU,
 author = {Hassan, Ahmed E.},
 title = {Predicting Faults Using the Complexity of Code Changes},
 booktitle = {Proceedings of the 31st International Conference on Software Engineering},
 series = {ICSE '09},
 year = {2009},
 isbn = {978-1-4244-3453-4},
 pages = {78--88},
 numpages = {11},
 url = {http://dx.doi.org/10.1109/ICSE.2009.5070510},
 doi = {10.1109/ICSE.2009.5070510},
 acmid = {1555024},
 publisher = {IEEE Computer Society},
 address = {Washington, DC, USA},
}

@inproceedings{Wang:2016:ALS,
 author = {Wang, Song and Liu, Taiyue and Tan, Lin},
 title = {Automatically Learning Semantic Features for Defect Prediction},
 booktitle = {Proceedings of the 38th International Conference on Software Engineering},
 series = {ICSE '16},
 year = {2016},
 isbn = {978-1-4503-3900-1},
 location = {Austin, Texas},
 pages = {297--308},
 numpages = {12},
 url = {http://doi.acm.org/10.1145/2884781.2884804},
 doi = {10.1145/2884781.2884804},
 acmid = {2884804},
 publisher = {ACM},
 address = {New York, NY, USA},
}

@inproceedings{Yang:2015:DLJ,
 author = {Yang, Xinli and Lo, David and Xia, Xin and Zhang, Yun and Sun, Jianling},
 title = {Deep Learning for Just-in-Time Defect Prediction},
 booktitle = {Proceedings of the 2015 IEEE International Conference on Software Quality, Reliability and Security},
 series = {QRS '15},
 year = {2015},
 isbn = {978-1-4673-7989-2},
 pages = {17--26},
 numpages = {10},
 url = {http://dx.doi.org/10.1109/QRS.2015.14},
 doi = {10.1109/QRS.2015.14},
 acmid = {2866837},
 publisher = {IEEE Computer Society},
 address = {Washington, DC, USA},
 keywords = {Deep Learning, Just-In-Time Defect Prediction, Deep Belief Network, Cost Effectiveness},
}

@inproceedings{White:2016:DLC,
 author = {White, Martin and Tufano, Michele and Vendome, Christopher and Poshyvanyk, Denys},
 title = {Deep Learning Code Fragments for Code Clone Detection},
 booktitle = {Proceedings of the 31st IEEE/ACM International Conference on Automated Software Engineering},
 series = {ASE 2016},
 year = {2016},
 isbn = {978-1-4503-3845-5},
 location = {Singapore, Singapore},
 pages = {87--98},
 numpages = {12},
 url = {http://doi.acm.org/10.1145/2970276.2970326},
 doi = {10.1145/2970276.2970326},
 acmid = {2970326},
 publisher = {ACM},
 address = {New York, NY, USA},
 keywords = {abstract syntax trees, code clone detection, deep learning, language models, machine learning, neural networks},
}

@inproceedings{Gu:2016:DAL,
 author = {Gu, Xiaodong and Zhang, Hongyu and Zhang, Dongmei and Kim, Sunghun},
 title = {Deep API Learning},
 booktitle = {Proceedings of the 2016 24th ACM SIGSOFT International Symposium on Foundations of Software Engineering},
 series = {FSE 2016},
 year = {2016},
 isbn = {978-1-4503-4218-6},
 location = {Seattle, WA, USA},
 pages = {631--642},
 numpages = {12},
 url = {http://doi.acm.org/10.1145/2950290.2950334},
 doi = {10.1145/2950290.2950334},
 acmid = {2950334},
 publisher = {ACM},
 address = {New York, NY, USA},
 keywords = {API, API usage, RNN, code search, deep learning},
}

@inproceedings{DBLP:conf/aaai/GuptaPKS17,
  author    = {Rahul Gupta and
               Soham Pal and
               Aditya Kanade and
               Shirish Shevade},
  title     = {DeepFix: Fixing Common {C} Language Errors by Deep Learning},
  booktitle = {Proceedings of the Thirty-First {AAAI} Conference on Artificial Intelligence,
               February 4-9, 2017, San Francisco, California, {USA.}},
  pages     = {1345--1351},
  year      = {2017},
  publisher = {{AAAI} Press},
  url       = {http://aaai.org/ocs/index.php/AAAI/AAAI17/paper/view/14603},
  timestamp = {Mon, 06 Mar 2017 11:36:24 +0100},
  biburl    = {http://dblp.uni-trier.de/rec/bib/conf/aaai/GuptaPKS17},
  bibsource = {dblp computer science bibliography, http://dblp.org}
}

@inproceedings{Huo:2016:LUF,
 author = {Huo, Xuan and Li, Ming and Zhou, Zhi-Hua},
 title = {Learning Unified Features from Natural and Programming Languages for Locating Buggy Source Code},
 booktitle = {Proceedings of the Twenty-Fifth International Joint Conference on Artificial Intelligence},
 series = {IJCAI'16},
 year = {2016},
 isbn = {978-1-57735-770-4},
 location = {New York, New York, USA},
 pages = {1606--1612},
 numpages = {7},
 url = {http://dl.acm.org/citation.cfm?id=3060832.3060845},
 acmid = {3060845},
 publisher = {AAAI Press},
}

@inproceedings{Austin:2011:OTE,
 author = {Austin, Andrew and Williams, Laurie},
 title = {One Technique is Not Enough: A Comparison of Vulnerability Discovery Techniques},
 booktitle = {Proceedings of the 2011 International Symposium on Empirical Software Engineering and Measurement},
 series = {ESEM '11},
 year = {2011},
 isbn = {978-0-7695-4604-9},
 pages = {97--106},
 numpages = {10},
 url = {http://dx.doi.org/10.1109/ESEM.2011.18},
 doi = {10.1109/ESEM.2011.18},
 acmid = {2083416},
 publisher = {IEEE Computer Society},
 address = {Washington, DC, USA},
 keywords = {security, vulnerability, static analysis, penetration testing, blackbox testing, whitebox testing},
}

@inproceedings{Ceccato:2016:SAP,
 author = {Ceccato, Mariano and Scandariato, Riccardo},
 title = {Static Analysis and Penetration Testing from the Perspective of Maintenance Teams},
 booktitle = {Proceedings of the 10th ACM/IEEE International Symposium on Empirical Software Engineering and Measurement},
 series = {ESEM '16},
 year = {2016},
 isbn = {978-1-4503-4427-2},
 location = {Ciudad Real, Spain},
 pages = {25:1--25:6},
 articleno = {25},
 numpages = {6},
 url = {http://doi.acm.org/10.1145/2961111.2962611},
 doi = {10.1145/2961111.2962611},
 acmid = {2962611},
 publisher = {ACM},
 address = {New York, NY, USA},
 keywords = {Penetration testing, Software maintenance, Static analysis},
}
